@article{berner2023adaptive,
  title     = {Adaptive dynamical networks},
  author    = {Berner, Rico and Gross, Thilo and Kuehn, Christian and Kurths, J{\"u}rgen and Yanchuk, Serhiy},
  journal   = {Physics Reports},
  volume    = {1031},
  pages     = {1--59},
  year      = {2023},
  publisher = {Elsevier}
}


@article{colizza2007reaction,
  title     = {Reaction--diffusion processes and metapopulation models in heterogeneous networks},
  author    = {Colizza, Vittoria and Pastor-Satorras, Romualdo and Vespignani, Alessandro},
  journal   = {Nature Physics},
  volume    = {3},
  number    = {4},
  pages     = {276--282},
  year      = {2007},
  publisher = {Nature Publishing Group UK London}
}



@article{colizza2008epidemic,
  title     = {Epidemic modeling in metapopulation systems with heterogeneous coupling pattern: Theory and simulations},
  author    = {Colizza, Vittoria and Vespignani, Alessandro},
  journal   = {Journal of theoretical biology},
  volume    = {251},
  number    = {3},
  pages     = {450--467},
  year      = {2008},
  publisher = {Elsevier}
}

@article{feng2020infectious,
  title     = {Infectious diseases spreading on an adaptive metapopulation network},
  author    = {Feng, Shanshan and Jin, Zhen},
  journal   = {Ieee Access},
  volume    = {8},
  pages     = {153425--153435},
  year      = {2020},
  publisher = {IEEE}
}

@article{Lewis2021wrong,
  author  = {Lewis, Theodore Gyle and Al Mannai, Waleed Isa},
  title   = {Editorial: Modeling Epidemics - Why Are Models Wrong?},
  journal = {Frontiers in Public Health},
  volume  = {9},
  year    = {2021},
  url     = {https://www.frontiersin.org/journals/public-health/articles/10.3389/fpubh.2021.754746},
  doi     = {10.3389/fpubh.2021.754746},
  issn    = {2296-2565}
}

@article{matamalas2018effective,
  title     = {Effective approach to epidemic containment using link equations in complex networks},
  author    = {Matamalas, Joan T and Arenas, Alex and G{\'o}mez, Sergio},
  journal   = {Science advances},
  volume    = {4},
  number    = {12},
  pages     = {eaau4212},
  year      = {2018},
  publisher = {American Association for the Advancement of Science}
}

@article{ventura2022modeling,
  title     = {Modeling the effects of social distancing on the large-scale spreading of diseases},
  author    = {Ventura, Paulo Cesar and Aleta, Alberto and Rodrigues, Francisco Aparecido and Moreno, Yamir},
  journal   = {Epidemics},
  volume    = {38},
  pages     = {100544},
  year      = {2022},
  publisher = {Elsevier}
}